<?xml version="1.0" encoding="UTF-8"?>
<record xmlns="http://www.loc.gov/MARC21/slim">
   <leader>01531cam a2200277 a 4500</leader>
   <controlfield tag="001">614873</controlfield>
   <controlfield tag="003">NjP</controlfield>
   <controlfield tag="005">20170605130937.0</controlfield>
   <controlfield tag="008">901203s1989    ir h     b    00010 ara d</controlfield>
   <datafield tag="024" ind1="7" ind2=" ">
      <subfield code="a">princeton_aco003524</subfield>
      <subfield code="2">local</subfield>
   </datafield>
   <datafield ind1=" " ind2=" " tag="035">
      <subfield code="a">(OCoLC)24657236</subfield>
   </datafield>
   <datafield ind1=" " ind2=" " tag="035">
      <subfield code="a">(CStRLIN)NJPG90-B54279</subfield>
   </datafield>
   <datafield ind1=" " ind2=" " tag="035">
      <subfield code="9">ACV0990TS</subfield>
   </datafield>
   <datafield ind1=" " ind2=" " tag="040">
      <subfield code="a">NjP</subfield>
      <subfield code="c">NjP</subfield>
   </datafield>
   <datafield ind1="1" ind2=" " tag="100">
      <subfield code="a">Ibn al-Shahīd al-Thānī, al-Ḥasan,</subfield>
      <subfield code="d">1551 or 1552-1602 or 1603.</subfield>
      <subfield code="0">http://id.loc.gov/authorities/names/nr90003653</subfield>
   </datafield>
   <datafield ind1="1" ind2="3" tag="245">
      <subfield code="a">al-Taḥrīr al-Tāwūsī :</subfield>
      <subfield code="b">al-mustakhraj min kitāb "Ḥall al-ishkāl fī maʻrifat al-rijāl" lil-Sayyid Aḥmad ibn Tāwūs al-Ḥusaynī ... /</subfield>
      <subfield code="c">taʼlīf Ḥasan ibn Zayn al-Dīn al-Shahīd al-Thānī ; ḥaqqaqahu wa-ʻallaqa ʻalayhi Muḥammad Ḥasan Tarḥīnī.</subfield>
   </datafield>
   <datafield ind1=" " ind2=" " tag="260">
      <subfield code="a">Qum, Īrān :</subfield>
      <subfield code="b">Dār al-Dhakhāʼir,</subfield>
      <subfield code="c">1368 [1989]</subfield>
   </datafield>
   <datafield ind1=" " ind2=" " tag="300">
      <subfield code="a">352 p. :</subfield>
      <subfield code="b">facsims. ;</subfield>
      <subfield code="c">25 cm.</subfield>
   </datafield>
   <datafield ind1=" " ind2=" " tag="534">
      <subfield code="p">Reprint. Originally published:</subfield>
      <subfield code="c">Bayrūt : Muʼassasat al-Aʻlamī, 1988. 1st ed.</subfield>
   </datafield>
   <datafield ind1=" " ind2=" " tag="500">
      <subfield code="a">Title page partially vocalized.</subfield>
   </datafield>
   <datafield ind1=" " ind2=" " tag="504">
      <subfield code="a">Includes bibliographical references (p. 348).</subfield>
   </datafield>
   <datafield ind1=" " ind2="0" tag="650">
      <subfield code="a">Hadith (Shiites)</subfield>
      <subfield code="x">Authorities</subfield>
      <subfield code="x">Early works to 1800.</subfield>
   </datafield>
   <datafield ind1="1" ind2=" " tag="700">
      <subfield code="a">Tarḥīnī, Muḥammad Ḥasan.</subfield>
   </datafield>
   <datafield ind1="1" ind2="2" tag="700">
      <subfield code="a">Ibn Ṭāwūs, Aḥmad ibn Mūsá,</subfield>
      <subfield code="d">-1274.</subfield>
      <subfield code="t">Ḥall al-ishkāl fī maʻrifat al-rijāl.</subfield>
      <subfield code="k">Selections.</subfield>
      <subfield code="0">http://id.loc.gov/authorities/names/nr89015513</subfield>
   </datafield>
   <datafield ind1=" " ind2=" " tag="998">
      <subfield code="a">12/03/90</subfield>
      <subfield code="s">9114</subfield>
      <subfield code="n">NjP</subfield>
      <subfield code="w">NJPG90B54279</subfield>
      <subfield code="d">12/03/90</subfield>
      <subfield code="c">KVV</subfield>
      <subfield code="b">KVV</subfield>
      <subfield code="i">901203</subfield>
      <subfield code="l">NJPG</subfield>
   </datafield>
   <datafield ind1=" " ind2=" " tag="911">
      <subfield code="a">19921028</subfield>
   </datafield>
   <datafield ind1=" " ind2=" " tag="912">
      <subfield code="a">19910104000000.0</subfield>
   </datafield>
   <datafield ind1="0" ind2="0" tag="852">
      <subfield code="0">674260</subfield>
      <subfield code="b">rcppa</subfield>
      <subfield code="t">1</subfield>
      <subfield code="h">BP193.28</subfield>
      <subfield code="i">.I263 1989</subfield>
      <subfield code="x">tr fr nec</subfield>
   </datafield>
   <datafield ind1=" " ind2=" " tag="959">
      <subfield code="a">2000-06-13 00:00:00 -0400</subfield>
   </datafield>
</record>
